@misc{subject:taa,
  author        = {Calonge Cano, Teodoro and Alonso GonzáLez, Carlos Javier},
  title         = {{Técnicas de Aprendizaje Autómatico}},
  year          = {2016/17},
  publisher     = {E.T.S. Ingeniería Informática de la Universidad de valladolid}
}

@misc{github:ismtabo-treetograph,
  author        = {Taboada Rodero, Ismael José},
  title         = {{treetograph}},
  howpublished  = { \url{https://github.com/ismtabo/treetograph}},
  year          = 2016
}

@misc{wiki:Multilayer_perceptron,
   author = "Wikipedia",
   title = "{Multilayer perceptron} --- {W}ikipedia{,} The Free Encyclopedia",
   year = "2017",
   howpublished = {\url{http://en.wikipedia.org/w/index.php?title=Multilayer\%20perceptron&oldid=776866963}},
   note = "[Online; accessed 15-May-2017]"
 }

@misc{garciparedes:machine-learning-regression,
  author        = {García Prado, Sergio and Fernández Angulo, Óscar},
  title         = {Regresión Lineal Múltiple y Logística},
  howpublished  = {\url{https://github.com/garciparedes/machine-learning-regression}},
  year          = 2017
}

@misc{garciparedes:machine-learning-single-layer-neural-networks,
  author        = {García Prado, Sergio and Fernández Angulo, Óscar},
  title         = {Redes Neuronales Monocapa},
  howpublished  = {\url{https://github.com/garciparedes/machine-learning-single-layer-neural-networks}},
  year          = 2017
}

@misc{garciparedes:machine-learning-multilayer-perceptron,
  author        = {García Prado, Sergio},
  title         = {Perceptrón Multicapa},
  howpublished  = {\url{https://github.com/garciparedes/machine-learning-multilayer-perceptron}},
  year          = 2017
}

@misc{garciparedes:machine-learning-radial-basis-functions,
  author        = {García Prado, Sergio},
  title         = {Funciones de Base Radial},
  howpublished  = {\url{https://github.com/garciparedes/machine-learning-radial-basis-functions}},
  year          = 2017
}
@misc{garciparedes:python-examples,
  author        = {García Prado, Sergio},
  title         = {{Python Examples}},
  howpublished  = {\url{https://github.com/garciparedes/python-examples}},
  year          = 2017
}

@misc{tool:weka,
  publisher     = {The University of Waikato},
  title         = {{Weka}},
  howpublished  = {\url{http://www.cs.waikato.ac.nz/ml/weka/}},
}

@misc{dataset:soybean,
  title         = {{Soybean Data Set}},
  howpublished  = {\url{http://storm.cis.fordham.edu/~gweiss/data-mining/weka-data/soybean.arff}}
}
@misc{dataset:labor,
  title         = {{Labor Data Set}},
  howpublished  = {\url{http://storm.cis.fordham.edu/~gweiss/data-mining/weka-data/labor.arff}}
}

@misc{dataset:vote,
  title         = {{Vote Data Set}},
  howpublished  = {\url{http://storm.cis.fordham.edu/~gweiss/data-mining/weka-data/vote.arff}}
}

@misc{dataset:iris,
  title         = {{Iris Data Set}},
  howpublished  = {\url{http://storm.cis.fordham.edu/~gweiss/data-mining/weka-data/iris.arff}}
}

@misc{dataset:weather,
  title         = {{Weather Nominal Data Set}},
  howpublished  = {\url{http://storm.cis.fordham.edu/~gweiss/data-mining/weka-data/weather.nominal.arff}}
}

@misc{dataset:segmentation,
  author    = {{UCI Machine Learning Repository}},
  title     = {{Image Segmentation Data Data Set}},
  note      = {\url{http://archive.ics.uci.edu/ml/datasets/Image+Segmentation}}
}

@misc{dataset:computer-hardware,
  author    = {{UCI Machine Learning Repository}},
  title     = {{Computer Hardware Data Set}},
  note      = {\url{http://archive.ics.uci.edu/ml/datasets/Image+Segmentation}}
}

@misc{dataset:wine,
  author    = {{UCI Machine Learning Repository}},
  title     = {{Wine Data Set}},
  note      = {\url{http://archive.ics.uci.edu/ml/datasets/Wine}}
}
